@book{bunescu2007learning,
  title={Learning for Information Extraction: From Named Entity Recognition and Disambiguation to Relation Extraction},
  author={Bunescu, R.C. and The University of Texas at Austin. Computer Sciences},
  isbn={9780549138839},
  url={http://books.google.de/books?id=t3mzxOF7XX4C},
  year={2007},
  publisher={The University of Texas at Austin}
}

@book{sekine2009named,
  title={Named Entities: Recognition, Classification and Use},
  author={Sekine, S. and Ranchhod, E.},
  isbn={9789027222497},
  lccn={2009017541},
  series={Benjamins Current Topics},
  url={http://books.google.de/books?id=rIM\_9TWOmNoC},
  year={2009},
  publisher={John Benjamins Pub. Company}
}

@inproceedings{Mihalcea,
 author = {Mihalcea, Rada and Csomai, Andras},
 title = {Wikify!: linking documents to encyclopedic knowledge},
 booktitle = {Proceedings of the sixteenth ACM conference on Conference on information and knowledge management},
 series = {CIKM '07},
 year = {2007},
 isbn = {978-1-59593-803-9},
 location = {Lisbon, Portugal},
 pages = {233--242},
 numpages = {10},
 url = {http://doi.acm.org/10.1145/1321440.1321475},
 doi = {10.1145/1321440.1321475},
 acmid = {1321475},
 publisher = {ACM},
 address = {New York, NY, USA},
 keywords = {keyword extraction, semantic annotation, wikipedia, word sense disambiguation},
} 


@inproceedings{shared-ner,
 author = {Tjong Kim Sang, Erik F. and De Meulder, Fien},
 title = {Introduction to the CoNLL-2003 shared task: language-independent named entity recognition},
 booktitle = {Proceedings of the seventh conference on Natural language learning at HLT-NAACL 2003 - Volume 4},
 series = {CONLL '03},
 year = {2003},
 location = {Edmonton, Canada},
 pages = {142--147},
 numpages = {6},
 url = {http://dx.doi.org/10.3115/1119176.1119195},
 doi = {10.3115/1119176.1119195},
 acmid = {1119195},
 publisher = {Association for Computational Linguistics},
 address = {Stroudsburg, PA, USA},
} 


@book{altman2002pacific,
  title={Pacific Symposium on Biocomputing 2003: Kauai, Hawaii, 3-7 January 2003},
  author={Altman, R.B. and Dunker, A.K. and Hunter, L.},
  isbn={9789812382177},
  url={http://books.google.de/books?id=5\_fRL7rSSX0C},
  year={2002},
  publisher={World Scientific}
}
